<record><leader>00000cas a2200000 i 4500</leader><controlfield tag="001">910903072</controlfield><controlfield tag="006">m     o  d        </controlfield><controlfield tag="007">cr |||||||||||</controlfield><controlfield tag="008">150609d19451970cauwr neo     0    0eng c</controlfield><datafield ind1=" " ind2=" " tag="010"><subfield code="a">  2015254019</subfield></datafield><datafield ind1=" " ind2=" " tag="040"><subfield code="a">CUS</subfield><subfield code="b">eng</subfield><subfield code="e">rda</subfield><subfield code="e">pn</subfield><subfield code="c">CUS</subfield><subfield code="d">CUS</subfield></datafield><datafield ind1=" " ind2=" " tag="042"><subfield code="a">pcc</subfield></datafield><datafield ind1="1" ind2="4" tag="050"><subfield code="a">AN</subfield></datafield><datafield ind1="0" ind2=" " tag="130"><subfield code="a">Corsair (Santa Monica City College)</subfield></datafield><datafield ind1="1" ind2="4" tag="245"><subfield code="a">The corsair.</subfield></datafield><datafield ind1="1" ind2=" " tag="246"><subfield code="a">Santa Monica City College corsair</subfield></datafield><datafield ind1="1" ind2=" " tag="246"><subfield code="i">Some providers have title:</subfield><subfield code="a">Corsair (Santa Monica, 1929-2011)</subfield></datafield><datafield ind1=" " ind2="1" tag="264"><subfield code="a">Santa Monica, Calif. :</subfield><subfield code="b">Santa Monica City College,</subfield><subfield code="c">1945-1970.</subfield></datafield><datafield ind1=" " ind2=" " tag="300"><subfield code="a">1 online resource</subfield></datafield><datafield ind1=" " ind2=" " tag="310"><subfield code="a">Weekly</subfield></datafield><datafield ind1=" " ind2=" " tag="336"><subfield code="a">text</subfield><subfield code="b">txt</subfield><subfield code="2">rdacontent</subfield></datafield><datafield ind1=" " ind2=" " tag="337"><subfield code="a">computer</subfield><subfield code="b">c</subfield><subfield code="2">rdamedia</subfield></datafield><datafield ind1=" " ind2=" " tag="338"><subfield code="a">online resource</subfield><subfield code="b">cr</subfield><subfield code="2">rdacarrier</subfield></datafield><datafield ind1="1" ind2=" " tag="362"><subfield code="a">Began with Vol. XVI, no. 22 (May 2, 1945); ceased with vol. LII, no. 27 (June 3, 1970).</subfield></datafield><datafield ind1=" " ind2=" " tag="530"><subfield code="a">Also issued in print.</subfield></datafield><datafield ind1=" " ind2=" " tag="588"><subfield code="a">Description based on: Vol. XVI, no. 22 (May 2, 1945); title from scanned image of masthead (California Digital Newspaper Collection website, viewed May 28, 2015).</subfield></datafield><datafield ind1=" " ind2=" " tag="588"><subfield code="a">Latest issue consulted: Vol. LII, no. 27 (June 3, 1970) (viewed May 28, 2015).</subfield></datafield><datafield ind1="2" ind2="0" tag="610"><subfield code="a">Santa Monica City College (Santa Monica, Calif.)</subfield><subfield code="v">Newspapers.</subfield></datafield><datafield ind1="2" ind2="0" tag="610"><subfield code="a">Santa Monica City College (Santa Monica, Calif.)</subfield><subfield code="x">Students</subfield><subfield code="v">Newspapers.</subfield></datafield><datafield ind1=" " ind2="0" tag="650"><subfield code="a">College student newspapers and periodicals</subfield><subfield code="z">California</subfield><subfield code="z">Santa Monica.</subfield></datafield><datafield ind1="2" ind2=" " tag="710"><subfield code="a">Santa Monica City College (Santa Monica, Calif.),</subfield><subfield code="e">issuing body.</subfield></datafield><datafield ind1=" " ind2=" " tag="752"><subfield code="a">United States</subfield><subfield code="b">California</subfield><subfield code="c">Los Angeles (County)</subfield><subfield code="d">Santa Monica.</subfield></datafield><datafield ind1="0" ind2="0" tag="780"><subfield code="t">Santa Monica J. C</subfield><subfield code="w">(DLC)  2015254018</subfield><subfield code="w">(OCoLC)910902738</subfield></datafield><datafield ind1="0" ind2="0" tag="785"><subfield code="t">Santa Monica College corsair</subfield><subfield code="w">(DLC)  2015254020</subfield><subfield code="w">(OCoLC)910903155</subfield></datafield><datafield ind1="4" ind2="0" tag="856"><subfield code="u">http://bibpurl.oclc.org/web/74682</subfield><subfield code="u">http://cdnc.ucr.edu/cgi-bin/cdnc?a=cl&amp;cl=CL1&amp;sp=CRS&amp;e=-------en--20--1--txt-txIN-------</subfield></datafield></record>